# References

#############Heterogeneity
@article{vaupel1985heterogeneity,
  title={Heterogeneity's ruses: some surprising effects of selection on population dynamics},
  author={Vaupel, James W and Yashin, Anatoli I},
  journal={The American Statistician},
  volume={39},
  number={3},
  pages={176--185},
  year={1985},
  publisher={Taylor \& Francis}
}

@book{keyfitz2005applied,
  title={Applied mathematical demography},
  author={Keyfitz, Nathan},
  year={2005},
  publisher={Springer}
}

##########Frailty:
@article{vaupel2014unobserved,
  title={Unobserved population heterogeneity: A review of formal relationships},
  author={Vaupel, James W and Missov, Trifon I},
  journal={Demographic Research},
  volume={31},
  pages={659--686},
  year={2014},
  publisher={JSTOR}
}

@misc{rodriguez2001,
  author = {Rodriguez, Germ√°n},
  title = "Unobserved Heterogeneity",
  year= {2001},
  url ={https://data.princeton.edu/pop509/UnobservedHeterogeneity.pdf}
}

##############Student presentations:
###Crossovers:
@article{coale1986mortality,
  title={Mortality crossovers: reality or bad data?},
  author={Coale, Ansley J and Kisker, Ellen Eliason},
  journal={Population studies},
  volume={40},
  number={3},
  pages={389--401},
  year={1986},
  publisher={Taylor \& Francis}
}
@article{manton1981methods,
  title={Methods for evaluating the heterogeneity of aging processes in human populations using vital statistics data: Explaining the black/white mortality crossover by a model of mortality selection},
  author={Manton, Kenneth G and Stallard, Eric},
  journal={Human Biology},
  pages={47--67},
  year={1981},
  publisher={JSTOR}
}

###Plateaus
@article{steinsaltz2006understanding,
  title={Understanding mortality rate deceleration and heterogeneity},
  author={Steinsaltz, David R and Wachter, Kenneth W},
  journal={Mathematical Population Studies},
  volume={13},
  number={1},
  pages={19--37},
  year={2006},
  publisher={Taylor \& Francis}
}

##Rising inequality
@article{waldron2007trends,
  title={Trends in mortality differentials and life expectancy for male social security-covered workers, by socioeconomic status},
  author={Waldron, Hilary},
  journal={Soc. Sec. Bull.},
  volume={67},
  pages={1},
  year={2007},
  publisher={HeinOnline}
}

######From Ken's lecture
@article{barbi2018,
  title={The plateau of human mortality: Demography of longevity pioneers},
  author={Barbi, Elisabetta and Lagona, Francesco and Marsili, Marco and Vaupel, James W and Wachter, Kenneth W},
  journal={Science},
  volume={360},
  number={6396},
  pages={1459--1461},
  year={2018},
  publisher={American Association for the Advancement of Science}
}

@article{vaupel1979,
  title={The impact of heterogeneity in individual frailty on the dynamics of mortality},
  author={Vaupel, James W and Manton, Kenneth G and Stallard, Eric},
  journal={Demography},
  volume={16},
  number={3},
  pages={439--454},
  year={1979},
  publisher={Springer}
}

@incollection{wachter2020,
  author      = "Kenneth W. Wachter",
  title       = "Genetic Evolutionary Demography",
  editor      = "Oskar Burger, Ronald D. Lee, and Rebecca Sear",
  booktitle   = "Human Evolutionary Demography",
  year        = 2020,
  url = "osf.io/p59eu"
}

@article{horiuchi2003,
  title={Interspecies differences in the life span distribution: Humans versus invertebrates},
  author={Horiuchi, Shiro},
  journal={Population and Development Review},
  volume={29},
  pages={127--151},
  year={2003},
  publisher={JSTOR}
}
@book{wachter2014essential,
  title={Essential demographic methods},
  author={Wachter, Kenneth W},
  year={2014},
  publisher={Harvard University Press}
}

@book{wachter1997between,
  title={Between Zeus and the salmon: The biodemography of longevity},
  author={Wachter, Kenneth W and Finch, Caleb Ellicott and National Research Council (US) Committee on Population and others},
  year={1997},
  publisher={National Academies Press (US)}
}

@book{sykes2002seven,
  title={The seven daughters of Eve: The science that reveals our genetic ancestry},
  author={Sykes, Bryan},
  year={2002},
  publisher={WW Norton \& Company}
}

#############Fertility mixtures
@article{sullivan2005age,
  title={The age pattern of first-birth rates among US women: the bimodal 1990s},
  author={Sullivan, Rachel},
  journal={Demography},
  volume={42},
  number={2},
  pages={259--273},
  year={2005},
  publisher={Springer}
}

@article{burkimsher2017evolution,
  title={Evolution of the shape of the fertility curve: Why might some countries develop a bimodal curve?},
  author={Burkimsher, Marion},
  journal={Demographic Research},
  volume={37},
  pages={295--324},
  year={2017},
  publisher={JSTOR}
}

@book{hastie2009elements,
  title={The elements of statistical learning: data mining, inference, and prediction},
  author={Hastie, Trevor and Tibshirani, Robert and Friedman, Jerome},
  year={2009},
  publisher={Springer Science \& Business Media}
}

@article{bongaarts1998quantum,
  title={On the quantum and tempo of fertility},
  author={Bongaarts, John and Feeney, Griffith},
  journal={Population and development review},
  pages={271--291},
  year={1998},
  publisher={JSTOR}
}

######Branching proceses and extinction
@misc{grinstead2006,
  title = "Introduction to Probability",
  year= {2006},
  url ={https://math.dartmouth.edu/~prob/prob/prob.pdf}
}

@article{harris1964theory,
  title={The theory of branching process},
  author={Harris, Theodore Edward},
  year={1964},
  publisher={Rand Corporation},
  url={https://www.rand.org/content/dam/rand/pubs/reports/
2009/R381.pdf}
}


@incollection{keyfitz1968,
  author      = "Nathan Keyfitz",
  title       = "The Branching Process as a Population Model",
  booktitle   = "Introduction to the Mathematics of Populations with Revisions",
  year        = "1968",
  pages       = "399-412",
  chapter     = 18,
}

#######Fisher-Wright
@article{hahn2003drift,
  title={Drift as a mechanism for cultural change: an example from baby names},
  author={Hahn, Matthew W and Bentley, R Alexander},
  journal={Proceedings of the Royal Society of London. Series B: Biological Sciences},
  volume={270},
  number={suppl\_1},
  pages={S120--S123},
  year={2003},
  publisher={The Royal Society}
}

@article{felsenstein2005theoretical,
  title={Theoretical evolutionary genetics joseph felsenstein},
  author={Felsenstein, Joseph},
  journal={University of Washington, Seattle},
  year={2005},
  url= {https://evolution.gs.washington.edu/gs562/2017/pgbook.pdf}

}

